%---------------------------------------------------------------------------%
%-                                                                         -%
%-                             Bibliography                                -%
%-                                                                         -%
%---------------------------------------------------------------------------%
@article{haker2004optimal,
  title={Optimal mass transport for registration and warping},
  author={Haker, Steven and Zhu, Lei and Tannenbaum, Allen and Angenent, Sigurd},
  journal={International Journal of computer vision},
  volume={60},
  number={3},
  pages={225--240},
  year={2004},
  publisher={Springer}
}
@article{ma2021image,
  title={Image matching from handcrafted to deep features: A survey},
  author={Ma, Jiayi and Jiang, Xingyu and Fan, Aoxiang and Jiang, Junjun and Yan, Junchi},
  journal={International Journal of Computer Vision},
  volume={129},
  number={1},
  pages={23--79},
  year={2021},
  publisher={Springer}
}
@article{ma2015surface,
  title={Surface-based shape classification using Wasserstein distance},
  author={Ma, Ming and Lei, Na and Su, Kehua and Zhang, Junwei and Wen, Chengfeng and Cui, Li and Fan, Xin and Gu, Xianfeng},
  journal={Geometry, Imaging and Computing},
  volume={2},
  number={4},
  pages={237--255},
  year={2015},
  publisher={International Press of Boston}
}
@article{ma2017robust,
  title={Robust surface registration using optimal mass transport and Teichm{\"u}ller mapping},
  author={Ma, Ming and Lei, Na and Chen, Wei and Su, Kehua and Gu, Xianfeng},
  journal={Graphical models},
  volume={90},
  pages={13--23},
  year={2017},
  publisher={Elsevier}
}
@article{su2015optimal,
  title={Optimal mass transport for shape matching and comparison},
  author={Su, Zhengyu and Wang, Yalin and Shi, Rui and Zeng, Wei and Sun, Jian and Luo, Feng and Gu, Xianfeng},
  journal={IEEE transactions on pattern analysis and machine intelligence},
  volume={37},
  number={11},
  pages={2246--2259},
  year={2015},
  publisher={IEEE}
}
@inproceedings{de2011optimal,
  title={An optimal transport approach to robust reconstruction and simplification of 2d shapes},
  author={De Goes, Fernando and Cohen-Steiner, David and Alliez, Pierre and Desbrun, Mathieu},
  booktitle={Computer Graphics Forum},
  volume={30},
  number={5},
  pages={1593--1602},
  year={2011},
  organization={Wiley Online Library}
}
@inproceedings{merigot2011multiscale,
  title={A multiscale approach to optimal transport},
  author={M{\'e}rigot, Quentin},
  booktitle={Computer Graphics Forum},
  volume={30},
  number={5},
  pages={1583--1592},
  year={2011},
  organization={Wiley Online Library}
}
@article{ma2019supine,
  title={Supine to prone colon registration and visualization based on optimal mass transport},
  author={Ma, Ming and Marino, Joseph and Nadeem, Saad and Gu, Xianfeng},
  journal={Graphical Models},
  volume={104},
  pages={101031},
  year={2019},
  publisher={Elsevier}
}
@article{RN125,
   author = {Morehouse, S.I. and Tung, R.S.},
   title = {Statistical evidence for early extinction of reptiles due to the K/T event},
   journal = {Journal of Paleontology},
   volume = {17},
   number = {2},
   pages = {198-209},
   abstract = {Northeast Spain: The stratigraphic position of the last dinosaur remains, found in the chron 31N interval, leads scientists to examine the possibility of a causal link between the extinction of reptiles in the Cretaceous period and the K/T event.},
   keywords = {Cretaceous
extinction},
   year = {1993},
   type = {Journal Article}
}
@book{villani2009optimal,
  title={Optimal transport: old and new},
  author={Villani, C{\'e}dric},
  volume={338},
  year={2009},
  publisher={Springer}
}
@article{peyre2017computational,
  title={Computational optimal transport},
  author={Peyr{\'e}, Gabriel and Cuturi, Marco and others},
  journal={Center for Research in Economics and Statistics Working Papers},
  number={2017-86},
  year={2017}
}
%---------------------------------------------------------------------------%
